@Inproceedings {export:217428,
author       = {Jonathan Taylor and Richard Stebbing and Varun Ramakrishna and Cem Keskin and
                Jamie Shotton and Shahram Izadi and Aaron Hertzmann and Andrew Fitzgibbon},
publisher    = {Computer Vision and Pattern Recognition (CVPR)},
title        = {User-Specific Hand Modeling from Monocular Depth Sequences},
url          = {http://research.microsoft.com/apps/pubs/default.aspx?id=217428},
year         = {2014},
}

@techreport{zhang:inria-00074899,
  TITLE = {{Iterative point matching for registration of free-form curves}},
  AUTHOR = {Zhang, Zhengyou},
  URL = {https://hal.inria.fr/inria-00074899},
  TYPE = {Research Report},
  NUMBER = {RR-1658},
  PAGES = {42},
  INSTITUTION = {{INRIA}},
  YEAR = {1992},
  KEYWORDS = {free-form curve matching ; 3-D registration ; motion estimation ; dynamic scene analysis ; 3-D vision},
  PDF = {https://hal.inria.fr/inria-00074899/file/RR-1658.pdf},
  HAL_ID = {inria-00074899},
  HAL_VERSION = {v1},
}

@Inproceedings {export:238453,
author       = {Toby Sharp and Cem Keskin and Duncan Robertson and Jonathan Taylor and Jamie
                Shotton and David Kim and Christoph Rhemann and Ido Leichter and Alon Vinnikov
                and Yichen Wei and Daniel Freedman and Pushmeet Kohli and Eyal Krupka and Andrew
                Fitzgibbon and Shahram Izadi},
month        = {April},
publisher    = {CHI},
title        = {Accurate, Robust, and Flexible Real-time Hand Tracking},
url          = {http://research.microsoft.com/apps/pubs/default.aspx?id=238453},
year         = {2015},
}